tomba@Tomba-6.fritz.box.289