
@article{oswald1999housing,
	title={The housing market and Europeâ€™s unemployment: a non-technical paper},
	author={Oswald, Andrew J},
	journal={Homeownership and the labour Market in Europe},
	year={1999}
}

@techreport{oswald1996conjecture,
	title={A conjecture on the explanation for high unemployment in the industrialized nations: Part I},
	author={Oswald, Andrew J},
	year={1996}
}

@article{munch2008home,
	title={Home ownership, job duration, and wages},
	author={Munch, Jakob Roland and Rosholm, Michael and Svarer, Michael},
	journal={Journal of Urban Economics},
	volume={63},
	number={1},
	pages={130--145},
	year={2008},
	publisher={Elsevier}
}

@article{munch2006homeowners,
	title={Are homeowners really more unemployed?},
	author={Munch, Jakob Roland and Rosholm, Michael and Svarer, Michael},
	journal={The Economic Journal},
	volume={116},
	number={514},
	pages={991--1013},
	year={2006},
	publisher={Oxford University Press Oxford, UK}
}

@article{de2013european,
	title={A European cross-country comparison of the impact of homeownership and transaction costs on job tenure},
	author={De Graaff, Thomas and Van Leuvensteijn, Michiel},
	journal={Regional Studies},
	volume={47},
	number={9},
	pages={1443--1461},
	year={2013},
	publisher={Routledge}
}