@article{amirault2016drags,
  title           = {What drags and drives mobility? Explaining Canada's
                  aggregate migration patterns},
  author          = {Amirault, David and de Munnik, Daniel and Miller, Sarah},
  journal         = {Canadian Journal of Economics/Revue canadienne
                  d'{\'e}conomique},
  volume          = 49,
  number          = 3,
  pages           = {1035--1056},
  year            = 2016,
  publisher       = {Wiley Online Library}
}

@article{anderson2003gravity,
  title           = {Gravity with gravitas: a solution to the border puzzle},
  author          = {Anderson, James E and Van Wincoop, Eric},
  journal         = {American economic review},
  volume          = 93,
  number          = 1,
  pages           = {170--192},
  year            = 2003
}

@article{anderson2011gravity,
  title           = {The gravity model},
  author          = {Anderson, James E},
  journal         = {Annu. Rev. Econ.},
  volume          = 3,
  number          = 1,
  pages           = {133--160},
  year            = 2011,
  publisher       = {Annual Reviews}
}

@article{azose2015bayesian,
  title           = {Bayesian probabilistic projection of international
                  migration},
  author          = {Azose, Jonathan J and Raftery, Adrian E},
  journal         = {Demography},
  volume          = 52,
  number          = 5,
  pages           = {1627--1650},
  year            = 2015,
  publisher       = {Springer}
}

@article{balland2020complex,
  title           = {Complex economic activities concentrate in large cities},
  author          = {Balland, Pierre-Alexandre and Jara-Figueroa, Cristian and
                  Petralia, Sergio G and Steijn, Mathieu PA and Rigby, David L
                  and Hidalgo, C{\'e}sar A},
  journal         = {Nature Human Behaviour},
  volume          = 4,
  number          = 3,
  pages           = {248--254},
  year            = 2020,
  publisher       = {Nature Publishing Group}
}

@article{boyle1997public,
  title           = {Public housing and migration: a multi-level modelling
                  approach},
  author          = {Boyle, Paul and Shen, Jianfa},
  journal         = {International Journal of Population Geography},
  volume          = 3,
  number          = 3,
  pages           = {227--242},
  year            = 1997,
  publisher       = {Wiley Online Library}
}

@article{boyle1998migration,
  title           = {Migration and housing tenure in South East England},
  author          = {Boyle, P},
  journal         = {Environment and Planning A},
  volume          = 30,
  number          = 5,
  pages           = {855--866},
  year            = 1998,
  publisher       = {SAGE Publications Sage UK: London, England}
}

@article{breiman2001statistical,
  title           = {Statistical modeling: The two cultures (with comments and a
                  rejoinder by the author)},
  author          = {Breiman, Leo and others},
  journal         = {Statistical science},
  volume          = 16,
  number          = 3,
  pages           = {199--231},
  year            = 2001,
  publisher       = {Institute of Mathematical Statistics}
}

@Article{brms,
  title           = {{brms}: An {R} Package for {Bayesian} Multilevel Models
                  Using {Stan}},
  author          = {Paul-Christian BÃ¼rkner},
  journal         = {Journal of Statistical Software},
  year            = 2017,
  volume          = 80,
  number          = 1,
  pages           = {1--28},
  doi             = {10.18637/jss.v080.i01},
  encoding        = {UTF-8},
}

@article{burger2009specification,
  title           = {On the specification of the gravity model of trade: zeros,
                  excess zeros and zero-inflated estimation},
  author          = {Burger, Martijn and Van Oort, Frank and Linders, Gert-Jan},
  journal         = {Spatial Economic Analysis},
  volume          = 4,
  number          = 2,
  pages           = {167--190},
  year            = 2009,
  publisher       = {Taylor \& Francis Group}
}

@article{carpenter2017stan,
  title           = {Stan: A probabilistic programming language},
  author          = {Carpenter, Bob and Gelman, Andrew and Hoffman, Matthew D
                  and Lee, Daniel and Goodrich, Ben and Betancourt, Michael and
                  Brubaker, Marcus and Guo, Jiqiang and Li, Peter and Riddell,
                  Allen},
  journal         = {Journal of statistical software},
  volume          = 76,
  number          = 1,
  year            = 2017,
  publisher       = {Harvard University, Cambridge, MA}
}

@article{congdon2010random,
  title           = {Random-effects models for migration attractivity and
                  retentivity: a Bayesian methodology},
  author          = {Congdon, Peter},
  journal         = {Journal of the Royal Statistical Society: Series A
                  (Statistics in Society)},
  volume          = 173,
  number          = 4,
  pages           = {755--774},
  year            = 2010,
  publisher       = {Wiley Online Library}
}

@article{congdon2012spatial,
  title           = {A spatial random-effects model for interzone flows:
                  commuting in Northern Ireland},
  author          = {Congdon, P and Lloyd, CD},
  journal         = {Journal of Applied Statistics},
  volume          = 39,
  number          = 1,
  pages           = {199--213},
  year            = 2012,
  publisher       = {Taylor \& Francis}
}

@article{cushing2004crossing,
  title           = {Crossing boundaries and borders: Regional science advances
                  in migration modelling},
  author          = {Cushing, Brian and Poot, Jacques},
  journal         = {Papers in regional science},
  volume          = 83,
  number          = 1,
  pages           = {317--338},
  year            = 2004,
  publisher       = {Wiley Online Library}
}

@article{de2009homeownership,
  title           = {Homeownership, social renting and labor mobility across
                  Europe},
  author          = {De Graaff, Thomas and Van Leuvensteijn, Michiel and Van
                  Ewijk, Casper},
  journal         = {Homeownership and the labour market in Europe},
  pages           = {53--81},
  year            = 2009,
  publisher       = {Oxford University Press Oxford}
}

@article{de2013european,
  title           = {A European cross-country comparison of the impact of
                  homeownership and transaction costs on job tenure},
  author          = {De Graaff, Thomas and Van Leuvensteijn, Michiel},
  journal         = {Regional Studies},
  volume          = 47,
  number          = 9,
  pages           = {1443--1461},
  year            = 2013,
  publisher       = {Routledge}
}

@article{dietz2003social,
  title           = {The social and private micro-level consequences of
                  homeownership},
  author          = {Dietz, Robert D and Haurin, Donald R},
  journal         = {Journal of urban Economics},
  volume          = 54,
  number          = 3,
  pages           = {401--450},
  year            = 2003,
  publisher       = {Elsevier}
}

@article{dietz2003social,
  title           = {The social and private micro-level consequences of
                  homeownership},
  author          = {Dietz, Robert D and Haurin, Donald R},
  journal         = {Journal of urban Economics},
  volume          = 54,
  number          = 3,
  pages           = {401--450},
  year            = 2003,
  publisher       = {Elsevier}
}

@article{dohmen2005housing,
  title           = {Housing, mobility and unemployment},
  author          = {Dohmen, Thomas J},
  journal         = {Regional Science and Urban Economics},
  volume          = 35,
  number          = 3,
  pages           = {305--325},
  year            = 2005,
  publisher       = {Elsevier}
}

@article{duranton2020,
  title           = {The economics of Urban Density},
  author          = {Duranton, Gilles and Diego Puga},
  Journal         = {Journal of Economics Perspectives},
  volume          = 34,
  number          = 3,
  pages           = {3--26},
  year            = 2020,
}

@book{gelman2013bayesian,
  title           = {Bayesian data analysis},
  author          = {Gelman, Andrew and Carlin, John B and Stern, Hal S and
                  Dunson, David B and Vehtari, Aki and Rubin, Donald B},
  year            = 2013,
  publisher       = {Chapman and Hall/CRC}
}

@book{glaeser2012triumph,
  title           = {Triumph of the City: How Our Greatest Invention Makes Us
                  Richer, Smarter, Greener, Healthier, and Happier},
  author          = {Glaeser, Edward Ludwig},
  year            = 2012,
  publisher       = {Penguin}
}

@incollection{head2014gravity,
  title           = {Gravity equations: Workhorse, toolkit, and cookbook},
  author          = {Head, Keith and Mayer, Thierry},
  booktitle       = {Handbook of international economics},
  volume          = 4,
  pages           = {131--195},
  year            = 2014,
  publisher       = {Elsevier}
}

@article{hoffman2014no,
  title           = {The No-U-Turn sampler: adaptively setting path lengths in
                  Hamiltonian Monte Carlo.},
  author          = {Hoffman, Matthew D and Gelman, Andrew},
  journal         = {Journal of Machine Learning Research},
  volume          = 15,
  number          = 1,
  pages           = {1593--1623},
  year            = 2014
}

@article{hughes1981council,
  title           = {Do council housing policies reduce migration between
                  regions?},
  author          = {Hughes, Gordon and McCormick, Barry},
  journal         = {The Economic Journal},
  volume          = 91,
  number          = 364,
  pages           = {919--937},
  year            = 1981,
  publisher       = {JSTOR}
}

@article{koster2014food,
  title           = {Food sharing networks in lowland Nicaragua: an application
                  of the social relations model to count data},
  author          = {Koster, Jeremy M and Leckie, George},
  journal         = {Social Networks},
  volume          = 38,
  pages           = {100--110},
  year            = 2014,
  publisher       = {Elsevier}
}

@article{linders2006estimation,
  title           = {Estimation of the gravity equation in the presence of zero
                  flows},
  author          = {Linders, Gert-Jan and De Groot, Henri LF},
  year            = 2006,
  publisher       = {Tinbergen Institute Discussion Paper}
}

@book{mcelreath2020statistical,
  title           = {Statistical rethinking: A Bayesian course with examples in
                  R and Stan},
  author          = {McElreath, Richard},
  year            = 2020,
  publisher       = {CRC press}
}

@article{michielsen2017,
  title           = {Prijselasticiteit van het woningaanbod},
  author          = {Michielsen, T and Groot, S and Maarseveen, R},
  journal         = {CPB Notitie},
  year            = 2017
}

@article{michielsen2019,
  title           = {Het bouwproces van nieuwe woningen},
  author          = {Michielsen, T and Groot, S and Veenstra, J},
  journal         = {CPB Boek},
  year            = 2019
}

@article{munch2006homeowners,
  title           = {Are homeowners really more unemployed?},
  author          = {Munch, Jakob Roland and Rosholm, Michael and Svarer,
                  Michael},
  journal         = {The Economic Journal},
  volume          = 116,
  number          = 514,
  pages           = {991--1013},
  year            = 2006,
  publisher       = {Oxford University Press Oxford, UK}
}

@article{munch2008home,
  title           = {Home ownership, job duration, and wages},
  author          = {Munch, Jakob Roland and Rosholm, Michael and Svarer,
                  Michael},
  journal         = {Journal of Urban Economics},
  volume          = 63,
  number          = 1,
  pages           = {130--145},
  year            = 2008,
  publisher       = {Elsevier}
}

@article{oswald1999housing,
  title           = {The housing market and Europeâs unemployment: a
                  non-technical paper},
  author          = {Oswald, Andrew J},
  journal         = {Homeownership and the labour Market in Europe},
  year            = 1999
}

@article{palomares2018understanding,
  title           = {Understanding the effects of homeownership and regional
                  unemployment levels on internal migration during the economic
                  crisis in Spain},
  author          = {Palomares-Linares, Isabel and van Ham, Maarten},
  journal         = {Regional Studies},
  pages           = {1--12},
  year            = 2018,
  publisher       = {Routledge}
}

@article{poot2016gravity,
  title           = {The gravity model of migration: The successful comeback of
                  an ageing superstar in regional science},
  author          = {Poot, Jacques and Alimi, Omoniyi and Cameron, Michael P and
                  Mar{\'e}, David C},
  journal         = {Investigaciones Regionales},
  volume          = 2016,
  number          = 36,
  pages           = {63--86},
  year            = 2016
}

@article{ranjan2007bayesian,
  title           = {Bayesian inference for the gravity model},
  author          = {Ranjan, Priya and Tobias, Justin L},
  journal         = {Journal of Applied Econometrics},
  volume          = 22,
  number          = 4,
  pages           = {817--838},
  year            = 2007,
  publisher       = {Wiley Online Library}
}

@techreport{oswald1996conjecture,
	title={A conjecture on the explanation for high unemployment in the
                  industrialized nations: Part I},
	author={Oswald, Andrew J},
	year={1996}
}

@article{rosenthal2020,
  title           = {How Close Is Close? The Spatial Reach of Agglomeration
                  Economies},
  author          = {Rosenthal, Stuart C. and William C. Strange},
  Journal         = {Journal of Economics Perspectives},
  volume          = 34,
  number          = 3,
  pages           = {27--49},
  year            = 2020,
}

@article{silva2006log,
  title           = {The log of gravity},
  author          = {Silva, JMC Santos and Tenreyro, Silvana},
  journal         = {The Review of Economics and statistics},
  volume          = 88,
  number          = 4,
  pages           = {641--658},
  year            = 2006,
  publisher       = {MIT Press}
}

@article{tinbergen1962shaping,
  title           = {Shaping the world economy; suggestions for an international
                  economic policy},
  author          = {Tinbergen, Jan J},
  year            = 1962
}
